<record><leader>00000cas a22000007a 4500</leader><controlfield tag="001">15161185</controlfield><controlfield tag="008">870206d1877187unvuwr ne      0    0eng d</controlfield><datafield ind1=" " ind2=" " tag="010"><subfield code="a">sn 87067052 </subfield></datafield><datafield ind1=" " ind2=" " tag="040"><subfield code="a">NNX</subfield><subfield code="b">eng</subfield><subfield code="c">NNX</subfield><subfield code="d">OCLCQ</subfield></datafield><datafield ind1=" " ind2=" " tag="042"><subfield code="a">msc</subfield></datafield><datafield ind1="0" ind2="0" tag="245"><subfield code="a">Weekly evening gazette.</subfield></datafield><datafield ind1=" " ind2=" " tag="260"><subfield code="a">Reno, Nev. :</subfield><subfield code="b">Alexander &amp; Hayden,</subfield><subfield code="c">1877-</subfield></datafield><datafield ind1=" " ind2=" " tag="300"><subfield code="a">v.</subfield></datafield><datafield ind1=" " ind2=" " tag="310"><subfield code="a">Weekly</subfield></datafield><datafield ind1="0" ind2=" " tag="362"><subfield code="a">Vol. 1, no. 1 (Apr. 14, 1877)-</subfield></datafield><datafield ind1=" " ind2=" " tag="580"><subfield code="a">Daily ed.: Reno evening gazette.</subfield></datafield><datafield ind1=" " ind2=" " tag="752"><subfield code="a">United States</subfield><subfield code="b">Nevada</subfield><subfield code="c">Washoe</subfield><subfield code="d">Reno.</subfield></datafield><datafield ind1="1" ind2=" " tag="775"><subfield code="t">Reno evening gazette</subfield><subfield code="w">(DLC)sn 82007252</subfield><subfield code="w">(OCoLC)8862511</subfield></datafield><datafield ind1="0" ind2="0" tag="785"><subfield code="t">Reno weekly gazette</subfield><subfield code="w">(DLC)sn 87067053</subfield></datafield></record>